@inproceedings{Lhot_spark,
  author = "Ond\v{r}ej Lhot\'ak and Laurie Hendren",
  title = "{Scaling Java Points-to Analysis Using Spark}",
  booktitle =    {Compiler Construction, 12th International Conference},
  pages =        {153--169},
  month =        {April},
  year =         {2003},
  editor =       {G. Hedin},
  volume =       {2622},
  series =       {LNCS},
  address =      {Warsaw, Poland},
  publisher = {Springer},
}

# ------------------------ MATCOM ------------------------

@misc{MATCOM,
 author = "MathTools Ltd.",
 title = "{MATCOM} Compiler",
 year = "1999",
 url = "http://www.mathtools.com/"
 }
 
# MATCOM: A MATLAB to C++ Translator and Support Libraries  ¨C Keren - 1995 

# ------------------------ Scilab ------------------------

url{Scilab,
 author = "INRIA",
 title = "Scilab",
 year = "2009",
 note = "\url{http://www.scilab.org/platform/}"
 }

@url{freemat,
        author = "Demetrios Kyriakis, Eugene Ingerman and Samit Basu",
        title = "FreeMat",
        note ="\url{http://freemat.sourceforge.net/}"
}


# ------------------------ MATLAB ------------------------

@url{MATLAB_doc,
 author = "MathWorks",
 title = "{MATLAB Documentation}",
 year = "2010",
 note = "\url{http://www.mathworks.com/}"
 }

# ------------------------ Octave ------------------------

@BOOK{eaton:2002,
author =     "John W. Eaton",
title =      "{GNU Octave Manual}",
publisher =  "Network Theory Limited",
year =       "2002",
isbn =       "0-9541617-2-6"
}

# ------------------------ MATCH / MAGICA / Project ------------------------

@misc{MAT2C,
 author = "Pramod G. Joisha",
 title = "a {MATLAB-to-C} translator",
 year = "2003",
 url = "http://www.ece.northwestern.edu/cpdc/pjoisha/MAT2C/"
 }

article{MAGICA,
 author = {Joisha, Pramod G. and Banerjee, Prithviraj},
 title = "{An algebraic array shape inference system for MATLAB}\textregistered",
 journal = {ACM Trans. Program. Lang. Syst.},
 volume = {28},
 number = {5},
 year = {2006},
 issn = {0164-0925},
 pages = {848--907},
 doi = {http://doi.acm.org/10.1145/1152649.1152651},
 publisher = {ACM},
 address = {New York, NY, USA},
 }
@inproceedings{Joisha03,
 author = {Joisha, Pramod G. and Banerjee, Prithviraj},
 title = "{Static array storage optimization in MATLAB}",
 booktitle = {PLDI '03: Proceedings of the ACM SIGPLAN 2003 conference on {Programming Language Design and Implementation}},
 year = {2003},
 isbn = {1-58113-662-5},
 pages = {258--268},
 location = {San Diego, California, USA},
 doi = {http://doi.acm.org/10.1145/781131.781160},
 publisher = {ACM},
 address = {New York, NY, USA},
 }

@phdthesis{1023072,
 author = {Joisha, Pramod G.},
 note = {Adviser-Banerjee, Prithviraj},
 title = "{A type inference system for MATLAB with applications to code optimization}",
 year = {2003},
 order_no = {AAI3118555},
 publisher = {Northwestern University},
 address = {Evanston, IL, USA},
 }

@inproceedings{magica,
 author = {Joisha,, Pramod G. and Banerjee,, Prithviraj},
 title = "{Correctly detecting intrinsic type errors in typeless languages such as MATLAB}",
 booktitle = {APL '01: Proceedings of the 2001 conference on APL},
 year = {2001},
 isbn = {1-58113-419-3},
 pages = {7--21},
 location = {New Haven, Connecticut},
 doi = {http://doi.acm.org/10.1145/570407.570408},
 publisher = {ACM},
 address = {New York, NY, USA},
 }
 
 @article{Joisha02,
author = {Pramod G. Joisha and Prithviraj Banerjee}, 
title = "{MAGICA: A Software Tool for Inferring Types in MATLAB}",
school = "{Department of Electrical and Computer Engineering, Northwestern University}",
year   = {2002},

}

 @article{322181,
 author = {Kaplan, Marc A. and Ullman, Jeffrey D.},
 title = "{A Scheme for the Automatic Inference of Variable Types}",
 journal = {J. ACM},
 volume = {27},
 number = {1},
 year = {1980},
 issn = {0004-5411},
 pages = {128--145},
 doi = {http://doi.acm.org/10.1145/322169.322181},
 publisher = {ACM},
 address = {New York, NY, USA},
 }

@inproceedings{Haldar00matchvirtual,
 author = {Haldar, Malay and Nayak, Anshuman and Kanhere, Abhay and Joisha, Pramod and Shenoy, Nagaraj and Choudhary, Alok and Banerjee, Prithviraj},
 title = "{Match Virtual Machine: An Adaptive Runtime System to Execute MATLAB in Parallel}",
 booktitle = {ICPP '00: Proceedings of the Proceedings of the 2000 International Conference on Parallel Processing},
 year = {2000},
 isbn = {0-7695-0768-9},
 pages = {145},
 publisher = {IEEE Computer Society},
 address = {Washington, DC, USA},
 }


@inproceedings{Banerjee00amatlab,
    author = {R Banerjee and N. Shenoy and A. Choudhary and S. Hauck and C. Bachmann and M. Haldar and R Joisha and A. Jones and A. Kanhare and A. Nayak and S. Periyacheri and M. Walkden and D. Zuretsky},
    title = "{A MATLAB Compiler for Distributed, Heterogeneous, reconfigurable Computing Systems}",
    booktitle = {},
    year = {2000},
    pages = {39--48}
}
 @MISC{Malay_alibrary,
    author = {Anshuman Nayak Malay and Malay Haldar and Abhay Kanhere and Pramod Joisha and Nagaraj Shenoy and Alok Choudhary and Prithviraj Banerjee},
    title = "{A Library based compiler to execute MATLAB Programs on a Heterogeneous Platform}",
    year = {2000}
}
# ------------------------ FALCON Project ------------------------
article{falcon,
 author = {Luiz De Rose and David Padua},
 title = "{Techniques for the translation of MATLAB programs into Fortran 90}",
 journal = {ACM Trans. Program. Lang. Syst.},
 volume = {21},
 number = {2},
 year = {1999},
 issn = {0164-0925},
 pages = {286--323},
 doi = {http://doi.acm.org/10.1145/316686.316693},
 publisher = {ACM},
 address = {New York, NY, USA},
 }

@techreport{871027,
 author = {Luiz A. DeRose},
 title = "{Compiler techniques for MATLAB programs}",
 year = {1996},
 source = {http://www.ncstrl.org:8900/ncstrl/servlet/search?formname=detail\&id=oai%3Ancstrlh%3Auiuc_cs%3Ancstrl.uiuc_cs%2F%2FUIUCDCS-R-96-1956},
 publisher = {University of Illinois at Urbana-Champaign},
 address = {Champaign, IL, USA},
 }

@inproceedings{237627,
 author = {Luiz De Rose and David Padua},
 title = "{A MATLAB to Fortran 90 translator and its effectiveness}",
 booktitle = {ICS '96: Proceedings of the 10th international conference on Supercomputing},
 year = {1996},
 isbn = {0-89791-803-7},
 pages = {309--316},
 location = {Philadelphia, Pennsylvania, United States},
 doi = {http://doi.acm.org/10.1145/237578.237627},
 publisher = {ACM},
 address = {New York, NY, USA},
 }

@inproceedings{ derose95falcon,
    author = "Luiz DeRose and Kyle Gallivan and Efstratios Gallopoulos and Bret A. Marsolf and David A. Padua",
    title = "{FALCON}: A {MATLAB} Interactive Restructuring Compiler",
    booktitle = "Languages and Compilers for Parallel Computing",
    pages = "269-288",
    year = "1995",
    url = "citeseer.ist.psu.edu/article/derose95falcon.html" }
    
# ------------------------ MaJIC project ------------------------
inproceedings{MaJIC,
 author = {George Alm\'{a}si and David Padua},
 title = "{MaJIC: compiling MATLAB for speed and responsiveness}",
 booktitle = {PLDI '02: Proceedings of the ACM SIGPLAN 2002 Conference on Programming language design and implementation},
 year = {2002},
 isbn = {1-58113-463-0},
 pages = {294--303},
 location = {Berlin, Germany},
 doi = {http://doi.acm.org/10.1145/512529.512564},
 publisher = {ACM},
 address = {New York, NY, USA},
 }
@article{231411,
 author = {Engler, Dawson R.},
 title = "{VCODE: a retargetable, extensible, very fast dynamic code generation system}",
 journal = {SIGPLAN Not.},
 volume = {31},
 number = {5},
 year = {1996},
 issn = {0362-1340},
 pages = {160--170},
 doi = {http://doi.acm.org/10.1145/249069.231411},
 publisher = {ACM},
 address = {New York, NY, USA},
 }



# ------------------------ Menhir project ------------------------
@inproceedings{745866,
 author = {St\'{e}phane Chauveau and Fran\c{c}ois Bodin},
 title = "{Menhir: An Environment for High Performance Matlab}",
 booktitle = {LCR '98: Selected Papers from the 4th International Workshop on Languages, Compilers, and Run-Time Systems for Scalable Computers},
 year = {1998},
 isbn = {3-540-65172-1},
 pages = {27--40},
 publisher = {Springer-Verlag},
 address = {London, UK},
 }

# ------------------------ Otter project ------------------------
@inproceedings{879565,
 title = "{Preliminary Results from a Parallel MATLAB Compiler}",
 booktitle = {IPPS '98: Proceedings of the 12th. International Parallel Processing Symposium on International Parallel Processing Symposium},
 year = {1998},
 pages = {81},
 publisher = {IEEE Computer Society},
 address = {Washington, DC, USA},
 }
 @INPROCEEDINGS{Quinn,
    author = {Michael J. Quinn and Alexey Malishevsky and Nagajagadeswar Seelam and Yan Zhao},
    title = "{Preliminary Results from a Parallel MATLAB Compiler}",
    booktitle = {Proc. Int. Parallel Processing Symp. (IPPS},
    year = {1998},
    pages = {81--87},
    publisher = {IEEE CS Press}
}
# ------------------------ LAPACK, ScaLAPACK ------------------------
@book{323215,
 author = {Anderson, E. and Bai, Z. and Bischof, C. and Blackford, L. S. and Demmel, J. and Dongarra, Jack J. and Du Croz, J. and Hammarling, S. and Greenbaum, A. and McKenney, A. and Sorensen, D.},
 title = "{LAPACK Users' guide (third ed.)}",
 year = {1999},
 isbn = {0-89871-447-8},
 publisher = {Society for Industrial and Applied Mathematics},
 address = {Philadelphia, PA, USA},
 }


@techreport{898821,
 author = {Choi, J. and Demmel, J. and Dhillon, I. and Dongarra, J. and Ostrouchov, S. and Petitet, A. and Staney, K. and Walker, D. and Whaley, R. C.},
 title = "{LAPACK Working Note 95: ScaLAPACK: A Portable Linear Algebra Library for Distributed Memory Computers -- Design Issues and Performance}",
 year = {1995},
 source = {http://www.ncstrl.org:8900/ncstrl/servlet/search?formname=detail\&id=oai%3Ancstrlh%3Autk_cs%3Ancstrl.utk_cs%2F%2FUT-CS-95-283},
 publisher = {University of Tennessee},
 address = {Knoxville, TN, USA},
 }


# ------------------------ Parallel Programming ------------------------
@inproceedings{661031,
 author = {Ramaswamy, Shankar and Hodges,IV, Eugene W. and Banerjee, Prithviraj},
 title = "{Compiling MATLAB Programs to ScaLAPACK: Exploiting Task and Data Parallelism}",
 booktitle = {IPPS '96: Proceedings of the 10th International Parallel Processing Symposium},
 year = {1996},
 isbn = {0-8186-7255-2},
 pages = {613--619},
 publisher = {IEEE Computer Society},
 address = {Washington, DC, USA},
 }
 
@article{10.1109/2.546612,
author = {William Blume and Ramon Doallo and Rudolf Eigenmann and John Grout and Jay Hoeflinger and Thomas Lawrence and Jaejin Lee and David Padua and Yunheung Paek and Bill Pottenger and Lawrence Rauchwerger and Peng Tu},
title = "{Parallel Programming with Polaris}",
journal = {Computer},
volume = {29},
number = {12},
year = {1996},
issn = {0018-9162},
pages = {78-82},
doi = {http://doi.ieeecomputersociety.org/10.1109/2.546612},
publisher = {IEEE Computer Society},
address = {Los Alamitos, CA, USA},
}


# ------------------------ Multi-core ------------------------
@misc{ wiki:multi-core,
   author = "Wikipedia",
   title = "{Multi-core --- Wikipedia{,} The Free Encyclopedia}",
   year = "2008",
   url = "http://en.wikipedia.org/w/index.php?title=Multi-core&oldid=197359597",
   note = "[Online; accessed 14-March-2008]"
 }

# ------------------------ M. Wolfe ------------------------
@book{533087,
 author = {Michael Joseph Wolfe},
 title = "{Optimizing Supercompilers for Supercomputers}",
 year = {1990},
 isbn = {0262730820},
 publisher = {MIT Press},
 address = {Cambridge, MA, USA},
 }


@inproceedings{wolfe91tiny,
    author = "Michael Wolfe",
    title = "{The Tiny Loop Restructuring Research Tool}",
    booktitle = "Proceedings of the 1991 International Conference on Parallel Processing",
    volume = "II, Software",
    publisher = "CRC Press",
    address = "Boca Raton, FL",
    pages = "II--47--II--53",
    year = "1991",
    url = "citeseer.ist.psu.edu/wolfe90tiny.html" 
}
                                                   
# ------------------------ Menon / Vectorization ------------------------
@inproceedings{331972,
 author = {Menon, Vijay and Pingali, Keshav},
 title = "{A case for source-level transformations in MATLAB}",
 booktitle = {PLAN '99: Proceedings of the 2nd conference on Domain-specific languages},
 year = {1999},
 isbn = {1-58113-255-7},
 pages = {53--65},
 location = {Austin, Texas, United States},
 doi = {http://doi.acm.org/10.1145/331960.331972},
 publisher = {ACM},
 address = {New York, NY, USA},
 }
                                                   
@inproceedings{305230,
 author = {Menon, Vijay and Pingali, Keshav},
 title = "{High-level semantic optimization of numerical codes}",
 booktitle = {ICS '99: Proceedings of the 13th international conference on Supercomputing},
 year = {1999},
 isbn = {1-58113-164-X},
 pages = {434--443},
 location = {Rhodes, Greece},
 doi = {http://doi.acm.org/10.1145/305138.305230},
 publisher = {ACM},
 address = {New York, NY, USA},
 }

@inproceedings{Menon97multimatlab:integrating,
    author = {Vijay Menon and Anne E. Trefethen},
    title = "{MultiMATLAB: Integrating MATLAB with High-Performance Parallel Computing}",
    booktitle = {In Proceedings of Supercomputing '97},
    year = {1997},
    pages = {1--18}
}

@inproceedings{1252535,
 author = {Neil Birkbeck and Jonathan Levesque and Jose Nelson Amaral},
 title = "{A Dimension Abstraction Approach to Vectorization in Matlab}",
 booktitle = "{CGO '07: Proceedings of the International Symposium on Code Generation and Optimization}",
 year = {2007},
 isbn = {0-7695-2764-7},
 pages = {115--130},
 doi = {http://dx.doi.org/10.1109/CGO.2007.1},
 publisher = {IEEE Computer Society},
 address = {Washington, DC, USA},
 }


#----------------------------------- Library Function Selection ----------------------
@inproceedings{citeulike:2463199,
	author = {Mcfarlin, D. and Chauhan, A.},
	booktitle = "{Parallel and Distributed Processing Symposium, 2007. IPDPS 2007. IEEE International}",
	citeulike-article-id = {2463199},
	citeulike-linkout-0 = {http://dx.doi.org/10.1109/IPDPS.2007.370645},
	citeulike-linkout-1 = {http://ieeexplore.ieee.org/xpls/abs_all.jsp?arnumber=4228373},
	doi = {10.1109/IPDPS.2007.370645},
	journal = {Parallel and Distributed Processing Symposium, 2007. IPDPS 2007. IEEE International},
	keywords = {array, blas, compiling, libraries, octave},
	pages = {1--8},
	posted-at = {2008-03-04 05:10:38},
	priority = {2},
	title = "{Library Function Selection in Compiling Octave}",
	url = {http://dx.doi.org/10.1109/IPDPS.2007.370645},
	year = {2007}
}

#----------------------------------- APL, SETL ----------------------
@inproceedings{805380,
 author = {Weiss, Zvi and Saal, Harry J.},
 title = "{Compile time syntax analysis of APL programs}",
 booktitle = {APL '81: Proceedings of the international conference on APL},
 year = {1981},
 isbn = {0-89791-035-4},
 pages = {313--320},
 location = {San Francisco, California, United States},
 doi = {http://doi.acm.org/10.1145/800142.805380},
 publisher = {ACM},
 address = {New York, NY, USA},
 }
@inproceedings{801218,
 author = {Budd, Timothy A.},
 title = "{An APL compiler for the UNIX timesharing system}",
 booktitle = {APL '83: Proceedings of the international conference on APL},
 year = {1983},
 isbn = {0-89791-095-8},
 pages = {205--209},
 location = {Washington, D.C., United States},
 doi = {http://doi.acm.org/10.1145/800062.801218},
 publisher = {ACM},
 address = {New York, NY, USA},
 }
# Bauer A. M. and Saal H. J., "Does APL really need run-time checking?", Software-Practice and Experience, 4, 129-138(1974) 

@article{9934,
 author = {Ching, W-M},
 title = "{Program analysis and code generation in an APL/370 compiler}",
 journal = {IBM J. Res. Dev.},
 volume = {30},
 number = {6},
 year = {1986},
 issn = {0018-8646},
 pages = {594--602},
 publisher = {IBM Corp.},
 address = {Riverton, NJ, USA},
 }

@article{361235,
 author = {Schwartz, J. T.},
 title = "{Automatic data structure choice in a language of very high level}",
 journal = {Commun. ACM},
 volume = {18},
 number = {12},
 year = {1975},
 issn = {0001-0782},
 pages = {722--728},
 doi = {http://doi.acm.org/10.1145/361227.361235},
 publisher = {ACM},
 address = {New York, NY, USA},
 }
	                           
@inproceedings{224648,
 author = {Tu, Peng and Padua, David},
 title = "{Gated SSA-based demand-driven symbolic analysis for parallelizing compilers}",
 booktitle = {ICS '95: Proceedings of the 9th international conference on Supercomputing},
 year = {1995},
 isbn = {0-89791-728-6},
 pages = {414--423},
 location = {Barcelona, Spain},
 doi = {http://doi.acm.org/10.1145/224538.224648},
 publisher = {ACM},
 address = {New York, NY, USA},
 }

#----------------------------------- McLAB----------------------
@MastersThesis{Andrew_Metalexer,
 author = {Casey, Andrew},
 title = "{The Metalexer Lexer Specification Language}",
 school  = "{School of Computer Science, McGill University}",
 year = {2009},
 address = "{Montr\'eal, Canada}",
}

@MastersThesis{Maxime_McVM,
 author = {Chevalier-Boisvert, Maxime},
 title = "{McVM: An Optimizing Virtual Machine For The MATLAB Programming Language}",
 school  = "{School of Computer Science, McGill University}",
 year = {2009},
 address = "{Montr\'eal, Canada}",
}

@inproceedings{McVM_CC2010,
  author    = {Chevalier-Boisvert, Maxime and Hendren, Laurie and Verbrugge, Clark},
  title     = "{Optimizing MATLAB through Just-In-Time Specialization}",
  booktitle = {CC 2010: International Conference on Compiler Construction},
  year      = {2010},
}
#  author    = "{Maxime Chevalier-Boisvert, Laurie Hendren, and Clark Verbrugge}",

@article{1321798,
 author = {Ekman, Torbj\"{o}rn and Hedin, G\"{o}rel},
 title = "{The JastAdd system --- modular extensible compiler construction}",
 journal = {Sci. Comput. Program.},
 volume = {69},
 number = {1-3},
 year = {2007},
 issn = {0167-6423},
 pages = {14--26},
 doi = {http://dx.doi.org/10.1016/j.scico.2007.02.003},
 publisher = {Elsevier North-Holland, Inc.},
 address = {Amsterdam, The Netherlands, The Netherlands},
}

@book{Numerical_Recipes,
 author = {William Press, Saul Teukolsky, William Vetterling and Brian Flannery},
 title = "{Numerical Recipes: the art of scientific computing}",
 year = {2007},
 isbn = {0521880688},
 publisher = {Cambridge University Press},
 }

@article{29875,
 author = {Randy Allen and Ken Kennedy},
 title = "{Automatic translation of {Fortran} programs to vector form}",
 journal = {ACM Trans. Program. Lang. Syst.},
 volume = {9},
 number = {4},
 year = {1987},
 issn = {0164-0925},
 pages = {491--542},
 doi = {http://doi.acm.org/10.1145/29873.29875},
 publisher = {ACM},
 address = {New York, NY, USA},
 }

@BOOK{allen02optimizing,
  author = {Randy Allen and Ken Kennedy},
  title = "{Optimizing Compilers for Modern Architectures: A
                  Dependence-Based Approach}",
  publisher = {Morgan Kaufmann},
  year = {2002}
}

@mastersthesis{Beu05,
  author  = {Remko van Beusekom},
  title   = "{A Vectorizer for Octave}",
  school  = {Utrecht University},
  year    = 2005,
  address = {Utrecht, The Netherlands},
  month   = {February},
  note    = {INF/SRC-04-53},
  urlpdf  = {http://www.cs.uu.nl/~visser/ftp/Beu05.pdf},
  project = {Stratego},
}


@inproceedings{977673,
 author = {Lattner, Chris and Adve, Vikram},
 title = "{LLVM: A Compilation Framework for Lifelong Program Analysis \& Transformation}",
 booktitle = {CGO '04: Proceedings of the international symposium on Code generation and optimization},
 year = {2004},
 isbn = {0-7695-2102-9},
 pages = {75},
 location = {Palo Alto, California},
 publisher = {IEEE Computer Society},
 address = {Washington, DC, USA},
 }

@MastersThesis{llvm,
    author  = {Chris Lattner},
    title   = "{LLVM: An Infrastructure for Multi-Stage Optimization}",
    school  = "{Computer Science Dept., University of Illinois at Urbana-Champaign}",
    year    = {2002},
    address = {Urbana, IL},
    month   = {Dec},
    note    = {{\em See {\tt http://llvm.cs.uiuc.edu}.}}
}

@techreport{coman,
 author = {Coman, E and Brewster, M and Popuri, S and Raim, A and Gobbert, M},
 title = "{A Comparative Evaluation of Matlab, Octave, FreeMat, Scilab, R, and IDL on Tara}",
 year = {2012},
 source = {http://userpages.umbc.edu/~gobbert/papers/ComanHPCF2012.pdf},
 publisher = {Department of Mathematics and Statistics, University of Maryland, Baltimore County},
 address = {Baltimore County, US},
 }

