@article{julia,
	  author    = {Jeff Bezanson and Stefan Karpinski and Viral B. Shah and Alan Edelman},
          title     = "{Julia: A Fast Dynamic Language for Technical Computing}",
	  journal   = {CoRR},
	  volume    = {abs/1209.5145},
	  year      = {2012},
	  ee        = {http://arxiv.org/abs/1209.5145},
}

@url{numpy,
	author = "Scipy.org",
	title = "NumPy",
	note = "\url{http://www.numpy.org/}"
}

@misc{MatlabOrigins,
author = "Cleve Moler",
title = "{The Origins of MATLAB}",
note =
"\url{http://www.mathworks.com/company/newsletters/news_notes/clevescorner/dec04.html}"
}

@misc{MatlabGrowth,
author = "Cleve Moler",
title = "{{The Growth of MATLAB and The MathWorks over Two Decades}}",
note =
"\url{http://www.mathworks.com/company/newsletters/news_notes/clevescorner/jan06.pdf}"
}

@misc{MatlabCoder,
author = "MathWorks",
title = "{{ MATLAB Coder}}",
note = "\url{http://www.mathworks.com/products/matlab-coder/}"
}

@mastersthesis{SoroushThesis,
 author = {Soroush Radpour},
 title = {{Understanding and Refactoring MATLAB}},
 month = {January},
 year = {2012},
 school = {McGill University}
}

@mastersthesis{JesseThesis,
 author = {Jesse Doherty},
 title = {{McSAF:  An Extensible Static Analysis Framework for the
MATLAB Language}},
 month = {December},
 year = {2011},
 school = {McGill University}
}


@inproceedings{KindAnalysis,
   author = "Jesse Doherty and Laurie Hendren and Soroush Radpour",
   title = "Kind Analysis for {MATLAB}", 
   booktitle = "In Proceedings of OOPSLA 2011",
   pages= "99-118",
   year = "2011"
   }

@inproceedings{mc2for,
   author = "Xu Li and Laurie Hendren",
   title = "Mc2FOR: A tool for automatically translating MATLAB to FORTRAN 95", 
   booktitle = "In Proceedings of CSMR-WCRE 2014",
   pages= "234-243",
   year = "2014"
   }



@inproceedings{CC2011,
  author    = {Nurudeen Lameed and Laurie J. Hendren},
  title     = {Staged Static Techniques to Efficiently Implement Array
               Copy Semantics in a {MATLAB} {JIT} Compiler},
  booktitle = {Proceedings of the International Compiler Conference (CC11)},
  year      = {2011},
  pages     = {22-41},
}

@inproceedings{McSAFecoop12,
  title    = {{McSAF}: A Static Analysis Framework for {MATLAB}},
  author   = {Jesse Doherty and Laurie Hendren},
  year     = {2012},
  pages    = {132-155},
  booktitle  = {Proceedings of ECOOP 2012}
}

@inproceedings{megha,
 author = {Prasad, Ashwin and Anantpur, Jayvant and Govindarajan, R.},
 title = {Automatic compilation of {MATLAB} programs for synergistic execution on heterogeneous processors},
 booktitle = {Proceedings of the 32nd {ACM} {SIGPLAN} conference on Programming language design and implementation},
 series = {PLDI '11},
 year = {2011},
 isbn = {978-1-4503-0663-8},
 location = {San Jose, California, USA},
 pages = {152--163},
 numpages = {12},
 url = {http://doi.acm.org/10.1145/1993498.1993517},
 doi = {10.1145/1993498.1993517},
 acmid = {1993517},
 publisher = {ACM},
 address = {New York, NY, USA},
 keywords = {compiling for gpus, data parallelism, gpgpu, matlab},
} 

@inproceedings{TamerPaper,
  author = "Anton Dubrau and Laurie Hendren",
  title = "Taming {MATLAB}",
  year = "2012",
  pages = "503-522",
  booktitle = "Proceedings of OOPSLA 2012"
}

@article{falcon,
 author = {Luiz De Rose and David Padua},
 title = "{Techniques for the translation of MATLAB programs into Fortran 90}",
 journal = {ACM Trans. Program. Lang. Syst.},
 volume = {21},
 number = {2},
 year = {1999},
 issn = {0164-0925},
 pages = {286--323},
 doi = {http://doi.acm.org/10.1145/316686.316693},
 publisher = {ACM},
 address = {New York, NY, USA},
 }

# ------------------------ Scilab ------------------------

@url{Scilab,
 author = "INRIA",
 title = "Scilab",
 year = "2009",
 note = "\url{http://www.scilab.org/platform/}"
 }

