@misc{MatlabOrigins,
author = "Cleve Moler",
title = "{The Origins of MATLAB}",
note =
"\url{
http://www.mathworks.com/company/newsletters/}\\
\url{news_notes/clevescorner/dec04.html
}"
}

@misc{MatlabGrowth,
author = "Cleve Moler",
title = "{{The Growth of MATLAB and The MathWorks over Two Decades}}",
note =
"\url{http://www.mathworks.com/company/newsletters/} \\
\url{news_notes/clevescorner/jan06.pdf}"
}

@misc{MatlabCoder,
author = "MathWorks",
title = "{{ MATLAB Coder}}",
note = "\\ \url{http://www.mathworks.com/products/matlab-coder/}"
}

@mastersthesis{SoroushThesis,
 author = {Soroush Radpour},
 title = {{Understanding and Refactoring MATLAB}},
 month = {April},
 year = {2012},
 school = {McGill University}
}

@mastersthesis{JesseThesis,
 author = {Jesse Doherty},
 title = {{McSAF:  An Extensible Static Analysis Framework for the
MATLAB Language}},
 month = {December},
 year = {2011},
 school = {McGill University}
}


@inproceedings{KindAnalysis,
   author = "Jesse Doherty and Laurie Hendren and Soroush Radpour",
   title = "Kind Analysis for {MATLAB}", 
   booktitle = "In Proceedings of OOPSLA 2011",
   pages= "99-118",
   year = "2011"
   }

@inproceedings{CC2011,
  author    = {Nurudeen Lameed and Laurie J. Hendren},
  title     = {Staged Static Techniques to Efficiently Implement Array
               Copy Semantics in a {MATLAB} {JIT} Compiler},
  booktitle = {Proceedings of the International Compiler Conference (CC11)},
  year      = {2011},
  pages     = {22-41},
}


@inproceedings{StaticRuby,
 author = {Furr, Michael and An, Jong-hoon (David) and Foster, Jeffrey S. and Hicks, Michael},
 title = {Static type inference for {Ruby}},
 booktitle = {Proceedings of the 2009 ACM symposium on Applied Computing},
 series = {SAC '09},
 year = {2009},
 isbn = {978-1-60558-166-8},
 location = {Honolulu, Hawaii},
 pages = {1859--1866},
 numpages = {8},
 url = {http://doi.acm.org/10.1145/1529282.1529700},
 doi = {http://doi.acm.org/10.1145/1529282.1529700},
 acmid = {1529700},
 publisher = {ACM},
 address = {New York, NY, USA},
 keywords = {Ruby, contracts, dynamic typing, type inference},
} 


@inproceedings{RPython,
  author = {Ancona, Davide and Ancona, Massimo and Cuni, Antonio and Matsakis, Nicholas D.},
  address = {New York, NY, USA},
  booktitle = {DLS '07: Proceedings of the 2007 symposium on Dynamic languages},
  interhash = {21e6c4312cfebc7831b5842bdb2aff04},
  intrahash = {76aac560c0ff3949af9bfffc590dbdc8},
  pages = {53--64},
  publisher = {ACM},
  title = {{RPython}: a {Step Towards Reconciling Dynamically and Statically Typed} {OO} Languages},
  url = {http://portal.acm.org/citation.cfm?id=1297081.1297091},
  year = 2007,
  timestamp = {2008-07-06T20:30:46.000+0200},
  keywords = {Dynamic Me:MastersThesis languages},
  added-at = {2008-07-06T20:30:46.000+0200},
  location = {Montreal, Quebec, Canada},
  description = {RPython},
  isbn = {978-1-59593-868-8},
  biburl = {http://www.bibsonomy.org/bibtex/276aac560c0ff3949af9bfffc590dbdc8/gron},
  doi = {http://doi.acm.org/10.1145/1297081.1297091}
}
