@inproceedings{QMSZ98,
author = "Michael J. Quinn and Alexey Malishevsky and Nagajagadeswar
Seelam and Yan Zhao",
title = "{Preliminary Results from a Parallel MATLAB Compiler}",
booktitle = "Proceedings of Int. Parallel Processing Symp.",
series = "IPPS",
year = "1998",
pages = {81--87},
}

@inproceedings{charles05,
 author = {Charles, Philippe and Grothoff, Christian and Saraswat, Vijay and
Donawa, Christopher and Kielstra, Allan and Ebcioglu, Kemal and von Praun,
Christoph and Sarkar, Vivek},
 title = {X10: an object-oriented approach to non-uniform cluster computing},
 booktitle = {Proceedings of the 20th annual ACM SIGPLAN conference on
Object-oriented programming, systems, languages, and applications},
 series = {OOPSLA '05},
 year = {2005},
 pages = {519--538}
}

@InProceedings{POPL::DeFouwGC1998,
  title =        "Fast Interprocedural Class Analysis",
  author =       "Greg DeFouw and David Grove and Craig Chambers",
  pages =        "222--236",
  booktitle =    "Conference Record of {POPL}~'98: The 25th {ACM}
                 {SIGPLAN}-{SIGACT} Symposium on Principles of
                 Programming Languages",
  month =        "19--21 " # jan,
  year =         "1998",
  address =      "San Diego, California",
}

@misc{x10,
author = {IBM},
title = {X10 Programming Language},
month = feb,
year = {2012},
howpublished = "\url{http://x10-lang.org}",
}

@misc{X10PerfTuning,
author = {IBM},
title = {Performance Tuning},
month = feb,
year = {2012},
howpublished = "\url{http://x10-lang.org/documentation/practical-x10-programming/performance-tuning.html}",
}

@book{specs,
title = "X10 Language Specification, Version 2.2",
author = "Vijay Saraswat and Bard Bloom and Igor Peshansky and Olivier Tardieu and David
Grove",
month = Jan,
year = "2012",
institution = "The IBM Corporation"
}

@book{pguide-x10,
title = "An Introduction To Programming With {X10}",
author = "Jonathan Brezin and Stephen J. Fink with Bard Bloom and Cal Swart",
month = dec,
year = "2010",
institution = "The IBM Corporation"
}

@InProceedings{RP99,
  title =        "Techniques for the Translation of {MATLAB} Programs
into {Fortran 90}",
  author =       "Luiz De Rose and David Padua",
  pages =        "286--323",
  booktitle =    "ACM Transactions on Programming Languages and Systems 21(2)",
  month =        mar,
  year =         "1999",
  address =      "University of Illinois at Urbana-Champaign",
}

@TechReport{ncstrl.uwash_cse//TR-97-07-02,
  title =        "Fast Interprocedural Class Analysis",
  type =         "Technical Report",
  number =       "TR-97-07-02",
  month =        jul,
  year =         "1997",
  author =       "G. DeFouw and D. Grove and C. Chambers",
  institution =  "University of Washington, Department of Computer
                 Science and Engineering",
}


@TechReport{AD-TameIR,
  title =        "Taming MATLAB",
  type =         "Technical Report",
  month =        Apr,
  year = 	     "2012",
  author =	     "Anton Dubrau",
  institution = "School of Computer Science, McGill University",
}

@TechReport{JD-McSAF,
  title =        "McSAF: A Static Analysis Framework for MATLAB",
  type =         "Technical Report",
  number = 	     "sable-2011-01",
  month =        dec,
  year = 	     "2011",
  author =	     "Jesse Doherty",
  institution = "School of Computer Science, McGill University",
}

@TechReport{Tetsu-2011,
  title =        "Design and Implementation of a {DSL} based on {Ruby} for Parallel Programming",
  type =         "Technical Report",
  month =        Jan,
  year = 	     "2011",
  author =	     "Tetsu Soh",
  institution = "The University of Tokyo",
}


@inproceedings{Wei-2012,
 author = {Wei, Haitao and Tan, Hong and Liu, Xiaoxian and Yu, Junqing},
 title = {{StreamX10}: a stream programming framework on {X10}},
 booktitle = {Proceedings of the 2012 ACM SIGPLAN X10 Workshop},
 series = {X10 '12},
 year = {2012},
 isbn = {978-1-4503-1491-6},
 location = {Beijing, China},
 pages = {1:1--1:6},
 articleno = {1},
 numpages = {6},
 url = {http://doi.acm.org/10.1145/2246056.2246057},
 doi = {10.1145/2246056.2246057},
 acmid = {2246057},
 publisher = {ACM},
 address = {New York, NY, USA},
 keywords = {X10, multi-core, stream compilation},
} 
