@article{tesla,
	author = {Erik Lindholm and John Nickolls and Stuart Oberman and John Montrym},
	title = {NVIDIA {Tesla}: A Unified Graphics and Computing Architecture},
	journal ={IEEE Micro},
	volume = {28},
	issn = {0272-1732},
	year = {2008},
	pages = {39-55},
	doi = {http://doi.ieeecomputersociety.org/10.1109/MM.2008.31},
	publisher = {IEEE Computer Society},
}
@article{larrabee,
 author = {Seiler, Larry and Carmean, Doug and Sprangle, Eric and Forsyth, Tom and Abrash, Michael and Dubey, Pradeep and Junkins, Stephen and Lake, Adam and Sugerman, Jeremy and Cavin, Robert and Espasa, Roger and Grochowski, Ed and Juan, Toni and Hanrahan, Pat},
 title = {Larrabee: a many-core x86 architecture for visual computing},
 journal = {ACM Trans. Graph.},
 volume = {27},
 number = {3},
 year = {2008},
 issn = {0730-0301},
 pages = {1--15},
 doi = {http://doi.acm.org/10.1145/1360612.1360617},
 publisher = {ACM},
 }

@article{lmad,
 author = {Paek, Yunheung and Hoeflinger, Jay and Padua, David},
 title = {Efficient and precise array access analysis},
 journal = {ACM Trans. Program. Lang. Syst.},
 volume = {24},
 number = {1},
 year = {2002},
 issn = {0164-0925},
 pages = {65--109},
 doi = {http://doi.acm.org/10.1145/509705.509708},
 publisher = {ACM},
 }


@inproceedings{wolf,
 author = {Wolf, Michael E. and Lam, Monica S.},
 title = {A data locality optimizing algorithm},
 booktitle = {PLDI '91: Proceedings of the ACM SIGPLAN 1991 conference on Programming language design and implementation},
 year = {1991},
 isbn = {0-89791-428-7},
 pages = {30--44},
 location = {Toronto, Ontario, Canada},
 doi = {http://doi.acm.org/10.1145/113445.113449},
 publisher = {ACM},
 }

@article{maydan,
 author = {Maydan, Dror E. and Hennessy, John L. and Lam, Monica S.},
 title = {Efficient and exact data dependence analysis},
 journal = {SIGPLAN Not.},
 volume = {26},
 number = {6},
 year = {1991},
 issn = {0362-1340},
 pages = {1--14},
 doi = {http://doi.acm.org/10.1145/113446.113447},
 publisher = {ACM},
 }

@inproceedings{arrayssa,
 author = {Knobe, Kathleen and Sarkar, Vivek},
 title = {Array {SSA} form and its use in parallelization},
 booktitle = {POPL '98: Proceedings of the 25th ACM SIGPLAN-SIGACT symposium on Principles of programming languages},
 year = {1998},
 isbn = {0-89791-979-3},
 pages = {107--120},
 location = {San Diego, California, United States},
 doi = {http://doi.acm.org/10.1145/268946.268956},
 publisher = {ACM},
 }

@inproceedings{hssa,
 author = {Chow, Fred C. and Chan, Sun and Liu, Shin-Ming and Lo, Raymond and Streich, Mark},
 title = {Effective Representation of Aliases and Indirect Memory Operations in {SSA} Form},
 booktitle = {CC '96: Proceedings of the 6th International Conference on Compiler Construction},
 year = {1996},
 isbn = {3-540-61053-7},
 pages = {253--267},
 publisher = {Springer-Verlag},
 }

@article{polyhedral,
 author = {Ancourt, Corinne and Irigoin, Fran\c{c}ois},
 title = {Scanning polyhedra with {DO} loops},
 journal = {SIGPLAN Not.},
 volume = {26},
 number = {7},
 year = {1991},
 issn = {0362-1340},
 pages = {39--50},
 doi = {http://doi.acm.org/10.1145/109626.109631},
 publisher = {ACM},
 }

@article{padua,
 author = {Padua, David A. and Wolfe, Michael J.},
 title = {Advanced compiler optimizations for supercomputers},
 journal = {Commun. ACM},
 volume = {29},
 number = {12},
 year = {1986},
 issn = {0001-0782},
 pages = {1184--1201},
 doi = {http://doi.acm.org/10.1145/7902.7904},
 publisher = {ACM},
 }

@inproceedings{poly-onedim,
 author = {Pouchet, Louis-No\"{e}l and Bastoul, C\'{e}dric and Cohen, Albert and Vasilache, Nicolas},
 title = {Iterative Optimization in the Polyhedral Model: Part {I}, One-Dimensional Time},
 booktitle = {CGO '07: Proceedings of the International Symposium on Code Generation and Optimization},
 year = {2007},
 isbn = {0-7695-2764-7},
 pages = {144--156},
 doi = {http://dx.doi.org/10.1109/CGO.2007.21},
 publisher = {IEEE Computer Society},
 }

@inproceedings{poly-multidim,
 author = {Pouchet, Louis-No\"{e}l and Bastoul, C\'{e}dric and Cohen, Albert and Cavazos, John},
 title = {Iterative optimization in the polyhedral model: Part {II}, multidimensional time},
 booktitle = {PLDI '08: Proceedings of the 2008 ACM SIGPLAN conference on Programming language design and implementation},
 year = {2008},
 isbn = {978-1-59593-860-2},
 pages = {90--100},
 location = {Tucson, AZ, USA},
 doi = {http://doi.acm.org/10.1145/1375581.1375594},
 publisher = {ACM},
 }

@inproceedings{openmp-gpgpu,
 author = {Lee, Seyong and Min, Seung-Jai and Eigenmann, Rudolf},
 title = {Open{MP} to {GPGPU}: a compiler framework for automatic translation and optimization},
 booktitle = {PPoPP '09: Proceedings of the 14th ACM SIGPLAN symposium on Principles and practice of parallel programming},
 year = {2009},
 isbn = {978-1-60558-397-6},
 pages = {101--110},
 location = {Raleigh, NC, USA},
 doi = {http://doi.acm.org/10.1145/1504176.1504194},
 publisher = {ACM},
 }

@inproceedings{exochi,
 author = {Wang, Perry H. and Collins, Jamison D. and Chinya, Gautham N. and Jiang, Hong and Tian, Xinmin and Girkar, Milind and Yang, Nick Y. and Lueh, Guei-Yuan and Wang, Hong},
 title = {{EXOCHI}: architecture and programming environment for a heterogeneous multi-core multithreaded system},
 booktitle = {PLDI '07: Proceedings of the 2007 ACM SIGPLAN conference on Programming language design and implementation},
 year = {2007},
 isbn = {978-1-59593-633-2},
 pages = {156--166},
 location = {San Diego, California, USA},
 doi = {http://doi.acm.org/10.1145/1250734.1250753},
 publisher = {ACM},
 }

@inproceedings{hetero-x86,
 author = {Saha, Bratin and Zhou, Xiaocheng and Chen, Hu and Gao, Ying and Yan, Shoumeng and Rajagopalan, Mohan and Fang, Jesse and Zhang, Peinan and Ronen, Ronny and Mendelson, Avi},
 title = {Programming model for a heterogeneous x86 platform},
 booktitle = {PLDI '09: Proceedings of the 2009 ACM SIGPLAN conference on Programming language design and implementation},
 year = {2009},
 isbn = {978-1-60558-392-1},
 pages = {431--440},
 location = {Dublin, Ireland},
 doi = {http://doi.acm.org/10.1145/1542476.1542525},
 publisher = {ACM},
 }

inproceedings{falcon,
 author = {Rose, Luiz De and Gallivan, Kyle and Gallopoulos, Efstratios and Marsolf, Bret A. and Padua, David A.},
 title = {{FALCON}: A {MATLAB} Interactive Restructuring Compiler},
 booktitle = {LCPC '95: Proceedings of the 8th International Workshop on Languages and Compilers for Parallel Computing},
 year = {1996},
 isbn = {3-540-60765-X},
 pages = {269--288},
 publisher = {Springer-Verlag},
 }

@inproceedings{majic,
 author = {Alm\'{a}si, George and Padua, David},
 title = {Ma{JIC}: compiling {MATLAB} for speed and responsiveness},
 booktitle = {PLDI '02: Proceedings of the ACM SIGPLAN 2002 Conference on Programming language design and implementation},
 year = {2002},
 isbn = {1-58113-463-0},
 pages = {294--303},
 location = {Berlin, Germany},
 doi = {http://doi.acm.org/10.1145/512529.512564},
 publisher = {ACM},
 }

@inproceedings{match,
 author = {Haldar, Malay and Nayak, Anshuman and Kanhere, Abhay and Joisha, Pramod and Shenoy, Nagaraj and Choudhary, Alok and Banerjee, Prithviraj},
 title = {Match {V}irtual {M}achine: An Adaptive Runtime System to Execute {MATLAB} in Parallel},
 booktitle = {ICPP '00: Proceedings of the Proceedings of the 2000 International Conference on Parallel Processing},
 year = {2000},
 isbn = {0-7695-0768-9},
 pages = {145},
 publisher = {IEEE Computer Society},
 }


@inproceedings{shared-gpgpu,
 author = {Baskaran, Muthu Manikandan and Bondhugula, Uday and Krishnamoorthy, Sriram and Ramanujam, J. and Rountev, Atanas and Sadayappan, P.},
 title = {Automatic data movement and computation mapping for multi-level parallel architectures with explicitly managed memories},
 booktitle = {PPoPP '08: Proceedings of the 13th ACM SIGPLAN Symposium on Principles and practice of parallel programming},
 year = {2008},
 isbn = {978-1-59593-795-7},
 pages = {1--10},
 location = {Salt Lake City, UT, USA},
 doi = {http://doi.acm.org/10.1145/1345206.1345210},
 publisher = {ACM},
 }

@inproceedings{affine-gpgpu,
 author = {Baskaran, Muthu Manikandan and Bondhugula, Uday and Krishnamoorthy, Sriram and Ramanujam, J. and Rountev, Atanas and Sadayappan, P.},
 title = {A compiler framework for optimization of affine loop nests for {GPGPU}s},
 booktitle = {ICS '08: Proceedings of the 22nd annual international conference on Supercomputing},
 year = {2008},
 isbn = {978-1-60558-158-3},
 pages = {225--234},
 location = {Island of Kos, Greece},
 doi = {http://doi.acm.org/10.1145/1375527.1375562},
 publisher = {ACM}
}

﻿@incollection {baskaran-cc10,
   author = {Baskaran, Muthu and Ramanujam, J. and Sadayappan, P.},
   affiliation = {The Ohio State University USA},
   title = {Automatic {C-to-CUDA} Code Generation for Affine Programs},
   booktitle = {Compiler Construction},
   series = {Lecture Notes in Computer Science},
   editor = {Gupta, Rajiv},
   publisher = {Springer Berlin / Heidelberg},
   isbn = {},
   pages = {244-263},
   volume = {6011},
   doi = {http://dx.doi.org/10.1007/978-3-642-11970-5_14},
   year = {2010}
}

﻿@inproceedings{cell,
 author = {Knight, Timothy J. and Park, Ji Young and Ren, Manman and Houston, Mike and Erez, Mattan and Fatahalian, Kayvon and Aiken, Alex and Dally, William J. and Hanrahan, Pat},
 title = {Compilation for explicitly managed memory hierarchies},
 booktitle = {PPoPP '07: Proceedings of the 12th ACM SIGPLAN symposium on Principles and practice of parallel programming},
 year = {2007},
 isbn = {978-1-59593-602-8},
 pages = {226--236},
 location = {San Jose, California, USA},
 doi = {http://doi.acm.org/10.1145/1229428.1229477},
 publisher = {ACM},
 }


@ARTICLE{Franchetti:09,
AUTHOR = {Franz Franchetti and Markus P{\"u}schel and Yevgen Voronenko and Srinivas Chellappa and Jos{\'e} M. F. Moura},
TITLE = {Discrete {Fourier} Transform on Multicore},
JOURNAL = {IEEE Signal Processing Magazine, special issue on ``Signal Processing on Platforms with Multiple Cores''},
VOLUME = {26},
NUMBER = {6},
PAGES = {90--102},
YEAR = {2009}
}

@ARTICLE{Pueschel:05,
AUTHOR = {Markus P{\"u}schel and Jos{\'e} M. F. Moura and Jeremy Johnson and David Padua and Manuela Veloso and Bryan Singer and Jianxin Xiong and Franz Franchetti and Aca Gacic and Yevgen Voronenko and Kang Chen and Robert W. Johnson and Nicholas Rizzolo},
TITLE = {{SPIRAL}: Code Generation for {DSP} Transforms},
JOURNAL = {Proceedings of the IEEE, special issue on ``Program Generation, Optimization, and Adaptation''},
VOLUME = {93},
NUMBER = {2},
PAGES = {232-- 275},
YEAR = {2005}
}

@ARTICLE{atlas,
    author = {Clint Whaley Antoine and Antoine Petitet and Jack J. Dongarra},
    title = {Automated Empirical Optimization of Software and the {ATLAS} Project},
    journal = {Parallel Computing},
    year = {2000},
    volume = {27},
    pages = {2001}
}

@Article{FFTW05,
  author = 	 {Frigo, Matteo and Johnson, Steven~G.},
  title = 	 {The Design and Implementation of {FFTW3}},
  journal = 	 {Proceedings of the IEEE},
  year = 	 2005,
  volume =	 93,
  number =	 2,
  pages =	 {216--231},
  note =	 {Special issue on ``Program Generation, Optimization, and Platform Adaptation''}
}

@inproceedings{pldi10,
 author = {Yang, Yi and Xiang, Ping and Kong, Jingfei and Zhou, Huiyang},
 title = {A GPGPU compiler for memory optimization and parallelism management},
 booktitle = {PLDI '10: Proceedings of the 2010 ACM SIGPLAN conference on Programming language design and implementation},
 year = {2010},
 isbn = {978-1-4503-0019-3},
 pages = {86--97},
 location = {Toronto, Ontario, Canada},
 doi = {http://doi.acm.org/10.1145/1806596.1806606},
 publisher = {ACM},
 address = {New York, NY, USA},
 }

@inproceedings{volkov,
 author = {Volkov, Vasily and Demmel, James W.},
 title = {Benchmarking GPUs to tune dense linear algebra},
 booktitle = {SC '08: Proceedings of the 2008 ACM/IEEE conference on Supercomputing},
 year = {2008},
 isbn = {978-1-4244-2835-9},
 pages = {1--11},
 location = {Austin, Texas},
 publisher = {IEEE Press},
 address = {Piscataway, NJ, USA},
 }

@inproceedings{gpufft,
 author = {Govindaraju, Naga K. and Lloyd, Brandon and Dotsenko, Yuri and Smith, Burton and Manferdelli, John},
 title = {High performance discrete Fourier transforms on graphics processors},
 booktitle = {SC '08: Proceedings of the 2008 ACM/IEEE conference on Supercomputing},
 year = {2008},
 isbn = {978-1-4244-2835-9},
 pages = {1--12},
 location = {Austin, Texas},
 publisher = {IEEE Press},
 address = {Piscataway, NJ, USA},
 }

@inproceedings{cudalite,
 author = {Ueng, Sain-Zee and Lathara, Melvin and Baghsorkhi, Sara S. and Hwu, Wen-Mei W.},
 title = {CUDA-Lite: Reducing GPU Programming Complexity},
 booktitle = {Languages and Compilers for Parallel Computing: 21th International Workshop, LCPC 2008, Edmonton, Canada, July 31 - August 2, 2008, Revised Selected Papers},
 year = {2008},
 isbn = {978-3-540-89739-2},
 pages = {1--15},
 doi = {http://dx.doi.org/10.1007/978-3-540-89740-8_1},
 publisher = {Springer-Verlag},
 address = {Berlin, Heidelberg},
 }

@inproceedings{hicuda,
 author = {Han, Tianyi David and Abdelrahman, Tarek S.},
 title = {/hi/CUDA: a high-level directive-based language for GPU programming},
 booktitle = {GPGPU-2: Proceedings of 2nd Workshop on General Purpose Processing on Graphics Processing Units},
 year = {2009},
 isbn = {978-1-60558-517-8},
 pages = {52--61},
 location = {Washington, D.C.},
 doi = {http://doi.acm.org/10.1145/1513895.1513902},
 publisher = {ACM},
 address = {New York, NY, USA},
 }

@inproceedings{cell-openmp,
 author = {O'Brien, Kevin and O'Brien, Kathryn and Sura, Zehra and Chen, Tong and Zhang, Tao},
 title = {Supporting OpenMP on Cell},
 booktitle = {IWOMP '07: Proceedings of the 3rd international workshop on OpenMP},
 year = {2008},
 isbn = {978-3-540-69302-4},
 pages = {65--76},
 location = {Beijing, China},
 doi = {http://dx.doi.org/10.1007/978-3-540-69303-1_6},
 publisher = {Springer-Verlag},
 address = {Berlin, Heidelberg},
 }

@inproceedings{cell-buffers,
 author = {Chen, Tong and Sura, Zehra and O'Brien, Kathryn and O'Brien, John K.},
 title = {Optimizing the use of static buffers for DMA on a CELL chip},
 booktitle = {LCPC'06: Proceedings of the 19th international conference on Languages and compilers for parallel computing},
 year = {2007},
 isbn = {978-3-540-72520-6},
 pages = {314--329},
 location = {New Orleans, LA, USA},
 publisher = {Springer-Verlag},
 address = {Berlin, Heidelberg},
 }

@misc{pycuda,
author = {Andreas Kl\"{o}ckner},
howpublished = {\url{http://mathema.tician.de/software/pycuda}},
title = {PyCUDA}
}

@misc{pyopencl,
author = {Andreas Kl\"{o}ckner},
howpublished = {\url{http://mathema.tician.de/software/pyopencl}},
title = {PyOpenCL}
}

@misc{kanter-fermi,
author = {David Kanter},
howpublished = {\url{http://www.realworldtech.com/page.cfm?ArticleID=RWT093009110932}},
title = {Inside {F}ermi : {Nvidia}'s {HPC} push}
}

@misc{fermi-whitepaper,
author = {{NVIDIA Corp.}},
howpublished = {\url{http://www.nvidia.com/content/PDF/fermi_white_papers/NVIDIA_Fermi_Compute_Architecture_Whitepaper.pdf}},
title = {NVIDIA’s Next Generation CUDA Compute Architecture: Fermi}
}

@misc{amd-opencl,
author = {{Advanced Micro Devices Inc.}},
howpublished = {\url{http://developer.amd.com/gpu/ATIStreamSDK/assets/ATI_Stream_SDK_Performance_Notes.pdf}},
title={ATI Stream Computing OpenCL programming guide},
year = {2010},
month = {August}
}

@misc{amd-evergreen-isa,
author = {{Advanced Micro Devices Inc.}},
howpublished = {\url{http://developer.amd.com/gpu/ATIStreamSDK/assets/AMD_Evergreen-Family_ISA_Instructions_and_Microcode.pdf}},
title = {Evergreen Family Instruction Set Architecture}
}

@misc{evergreen-tr,
author = {Scott Wasson},
howpublished = {\url{http://techreport.com/articles.x/17618}},
title = {AMD Radeon 5870 graphics processor}
}

@misc{fermi-tuning-guide,
howpublished = {\url{http://developer.download.nvidia.com/compute/cuda/3_1/toolkit/docs/NVIDIA_FermiTuningGuide.pdf}},
author = {{NVIDIA Corp.}},
title = {Tuning CUDA Applications for Fermi},
month = {July},
year = {2010}
}

@misc{cuda-programming-guide,
title = {NVIDIA CUDA C Programming Guide},
author = {{NVIDIA Corp.}},
howpublished = {\url{http://developer.download.nvidia.com/compute/cuda/3_1/toolkit/docs/NVIDIA_CUDA_C_ProgrammingGuide_3.1.pdf}},
month = {July},
year = {2010}
}

@misc{opencl,
title = {{The OpenCL Specification}},
editor = {Aaftab Munshi},
howpublished = {\url{http://www.khronos.org/opencl}}
}

@inproceedings{brookgpu,
 author = {Buck, Ian and Foley, Tim and Horn, Daniel and Sugerman, Jeremy and Fatahalian, Kayvon and Houston, Mike and Hanrahan, Pat},
 title = {Brook for GPUs: stream computing on graphics hardware},
 booktitle = {SIGGRAPH '04: ACM SIGGRAPH 2004 Papers},
 year = {2004},
 pages = {777--786},
 location = {Los Angeles, California},
 doi = {http://doi.acm.org/10.1145/1186562.1015800},
 publisher = {ACM},
 address = {New York, NY, USA},
 }

@inproceedings{legacygpgpu,
title	=	"A Survey of General-Purpose Computation on Graphics Hardware",
booktitle	=	"Eurographics 2005, State of the Art Reports",
author	=	"John D. Owens AND David Luebke AND Naga Govindaraju AND Mark Harris AND Jens Krüger AND Aaron Lefohn AND Timothy J. Purcell ",
year	=	"2005",
month	=	aug,
pages	=	"21--51",
location	=	"Dublin, Ireland",
eventtime	=	"August 29--September 2, 2005",
}


@inproceedings{prasad:pldi2011,
 author = {Prasad, Ashwin and Anantpur, Jayvant and Govindarajan, R.},
 title = {Automatic compilation of MATLAB programs for synergistic execution on heterogeneous processors},
 booktitle = {Proceedings of the 32nd ACM SIGPLAN conference on Programming language design and implementation},
 series = {PLDI '11},
 year = {2011},
 isbn = {978-1-4503-0663-8},
 location = {San Jose, California, USA},
 pages = {152--163},
 numpages = {12},
 url = {http://doi.acm.org/10.1145/1993498.1993517},
 doi = {http://doi.acm.org/10.1145/1993498.1993517},
 acmid = {1993517},
 publisher = {ACM},
 address = {New York, NY, USA},
 keywords = {compiling for gpus, data parallelism, gpgpu, matlab},
} 

@inproceedings{cc11grewe,
 author = {Grewe, Dominik and O'Boyle, Michael F.P.},
 title = {A Static Task Partitioning Approach for Heterogeneous Systems Using {OpenCL}},
 booktitle = {CC '11: Proceedings of the 20th International Conference on Compiler Construction},
 year = {2011},
 publisher = {Springer},
 }

@inproceedings{copperhead,
 author = {Catanzaro, Bryan and Garland, Michael and Keutzer, Kurt},
 title = {Copperhead: compiling an embedded data parallel language},
 booktitle = {Proceedings of the 16th ACM symposium on Principles and practice of parallel programming},
 series = {PPoPP '11},
 year = {2011},
 isbn = {978-1-4503-0119-0},
 location = {San Antonio, TX, USA},
 pages = {47--56},
 numpages = {10},
 url = {http://doi.acm.org/10.1145/1941553.1941562},
 doi = {http://doi.acm.org/10.1145/1941553.1941562},
 acmid = {1941562},
 publisher = {ACM},
 address = {New York, NY, USA},
 keywords = {data parallelism, gpu, python},
}

@INPROCEEDINGS{theano,
     author = {Bergstra, James and Breuleux, Olivier and Bastien, Fr{\'{e}}d{\'{e}}ric and Lamblin, Pascal and Pascanu, Razvan and Desjardins, Guillaume and Turian, Joseph and Warde-Farley, David and Bengio, Yoshua},
      month = jun,
      title = {Theano: a {CPU} and {GPU} Math Expression Compiler},
  booktitle = {Proceedings of the Python for Scientific Computing Conference ({SciPy})},
       year = {2010},
   location = {Austin, TX},
       note = {Oral Presentation},
}

@inproceedings{jit4gpu,
 author = {Garg, Rahul and Amaral, Jos{\'e} Nelson},
 title = {Compiling {P}ython to a hybrid execution environment},
 booktitle = {Proceedings of the 3rd Workshop on General-Purpose Computation on Graphics Processing Units},
 series = {GPGPU '10},
 year = {2010},
 isbn = {978-1-60558-935-0},
 location = {Pittsburgh, Pennsylvania},
 pages = {19--30},
 numpages = {12},
 url = {http://doi.acm.org/10.1145/1735688.1735695},
 doi = {10.1145/1735688.1735695},
 acmid = {1735695},
 publisher = {ACM},
} 

@article{jacket,
 author = {Pryor, Gallagher  and Lucey, Brett  and Maddipatla, Sandeep  and McClanahan, Chris  and Melonakos, John  and Venugopalakrishnan, Vishwanath  and Patel, Krunal  and Yalamanchili, Pavan  and Malcolm, James },
 title = {{High-level GPU computing with Jacket for MATLAB and C/C++}},
 journal = {Proceedings of SPIE},
 volume = {8060},
 number = {806005}
}

@article{starpu,
author = {C{\'e}dric Augonnet and Samuel Thibault and Raymond Namyst and Pierre-Andr{\'e} Wacrenier},
title = {{StarPU: A Unified Platform for Task Scheduling on Heterogeneous Multicore Architectures}},
journal = {Concurrency and Computation: Practice and Experience, Special Issue: Euro-Par 2009},
volume = 23,
issue = 2,
pages = {187--198},
year = 2011,
month = FEB,
publisher = {John Wiley & Sons, Ltd.},
doi = {10.1002/cpe.1631},
url = {http://hal.inria.fr/inria-00550877},
keywords = {StarPU} 
}

@inproceedings{mcvm-maxime,
 author =       {Maxime Chevalier-Boisvert and Laurie Hendren and Clark Verbrugge},
 title =        {Optimizing {MATLAB} through Just-In-Time Specialization},
 booktitle =    {Compiler Construction 2010},
 year =         {2010},
}

@inproceedings{java-gpgpu,
 author = {Leung, Alan and Lhot\'{a}k, Ond\v{r}ej and Lashari, Ghulam},
 title = {Automatic parallelization for graphics processing units},
 booktitle = {Proceedings of the 7th International Conference on Principles and Practice of Programming in Java},
 series = {PPPJ '09},
 year = {2009},
 isbn = {978-1-60558-598-7},
 location = {Calgary, Alberta, Canada},
 pages = {91--100},
 numpages = {10},
 url = {http://doi.acm.org/10.1145/1596655.1596670},
 doi = {10.1145/1596655.1596670},
 acmid = {1596670},
 publisher = {ACM},
} 

@InProceedings{llvm,
    author    = {Chris Lattner and Vikram Adve},
    title     = "{LLVM: A Compilation Framework for Lifelong Program Analysis \& Transformation}",
    booktitle = "{Proceedings of the 2004 International Symposium on Code Generation and Optimization (CGO'04)}",
    address   = {Palo Alto, California},
    month     = {Mar},
    year      = {2004}
  }

@misc{matlabpct,
 author = {MathWorks},
 howpublished = {\url{http://www.mathworks.com/products/parallel-computing/}},
 title = {MATLAB Parallel Computing Toolbox}
}

@article{openclblas,
title = "From CUDA to OpenCL: Towards a performance-portable solution for multi-platform GPU programming",
journal = "Parallel Computing",
volume = "38",
number = "8",
pages = "391 - 407",
year = "2012",
author = "Peng Du and Rick Weber and Piotr Luszczek and Stanimire Tomov and Gregory Peterson and Jack Dongarra",
}

@article{nakasatoil,
	author = {Nakasato, Naohito},
	title = {A fast GEMM implementation on the cypress GPU},
	journal = {SIGMETRICS Perform. Eval. Rev.},
	issue_date = {March 2011},
	volume = {38},
	number = {4},
	month = mar,
	year = {2011},
	issn = {0163-5999},
	pages = {50--55},
	numpages = {6},
} 

@InProceedings{parakeet,
	title = {Parakeet: A Just-In-Time Parallel Accelerator for Python},
	author = {Alex Rubinsteyn and Eric Hielscher and Nathaniel Weinman and Dennis Shasha},
	booktitle = {HotPar 12},
	year = {2012}
}

@article{fermigemm,
	title = {An Improved {M}agma {GEMM} For {F}ermi Graphics Processing Units},
	author = {Rajib Nath and Stanimire Tomov and Jack Dongarra},
	journal = {International Journal of High Performance Computing Applications},
	volume = {24},
	number = {4},
	pages = {511--515},
	month = {November},
	year = {2010}
}

@InProceedings{webertahiti,
	title = {A trip to {T}ahiti: Approaching a 5 {T}flop {SGEMM} using 3 {AMD} {GPU}s},
	booktitle={Symposium on {A}pplication {A}ccelerators in {H}igh {P}erformance {C}omputing ({SAAHPC}), 2012},
	author = {Rick Weber and Gregory Peterson},
	year={2012}
}

@misc{matlab,
 author = {MathWorks},
 howpublished = {\url{http://www.mathworks.com/products/matlab/}},
 title = {{MATLAB: The Language of Technical Computing}} 
}

misc{numpy,
 author = {SciPy.org},
 howpublished = {\url{http://numpy.scipy.org/}},
 title = {{NumPy: Scientific Computing Tools for Python}}
}

@misc{R,
  author = {R-project.org},
  howpublished = {\url{http://www.r-project.org}},
  title = {{The R Project for Statistical Computing}}
}

@INPROCEEDINGS{numba,
     author = {Travis Oliphant},
      month = jun,
      title = {Numba Python bytecode to {LLVM} translator},
  booktitle = {Proceedings of the Python for Scientific Computing Conference ({SciPy})},
       year = {2012},
   location = {Austin, TX},
       note = {Oral Presentation},
}
